@Book{Mostafa:LearningData,
author = {Yaser S. Abu-Mostafa and Malik Magdon-Ismail and Hsuan-Tien Lin},
editor = {{AML} Book},
title = {Learning from Data -- A Short Course},
publisher = {{AML} Book},
address = {Estados Unidos},
year = {2012},
}

@Book{Alpayadin:MachineLearning,
author = {Ethem Alpaydin},
editor = {The {MIT} Press},
title = {Introduction to Machine Learning},
publisher = {The {MIT} Press},
year = {2010},
address={Cambridge},
edition= {2}
}

@MISC{INMET:Site,
  author =       {INMET},
  title =        {Instituto {N}acional de {M}eteorologia {INMET}},
  howpublished = {\url{http://www.inmet.gov.br}},
  year =         {2016},
  note = {Acessado em \today}
}

@Book{Lorena:Livro,
author = {Katti Faceli and Ana Carolina Lorena and João Gama and André C. Pl L. F. de Carvalho},
title = {Inteligência Artificial -- Uma abordagem de aprendizado de máquina},
publisher = {Editora {LTC}},
address = {Rio de Janeiro},
year = {2015},

}


@Book{Witten:DataMining,
author = {Ian H. Witten and Eibe Frank and Mark A. Hall},
editor = {Elsevier},
title = {Data mining : practical machine learning tools and techniques},
publisher = {Elsevier},
year = {2011},
edition = {3},
address = {Estados Unidos}
}

@BOOK{Haykin:NeuralNetworksBook,
  AUTHOR =       {Simon Haykin},
  editor =       {Pearson Prentice-Hall},
  TITLE =        {Neural Networks and Learning Machines},
  YEAR =         {2009},
  edition =      {3},
  address = {New Jersey},
  publisher = {Pearson}
}

@INPROCEEDINGS{Darji:Survey,
AUTHOR = {Mohini P. Darji and Vipul K. Dabhi and Harshadkumar B. Prajapati},
TITLE = {Rainfall Forecasting Using Neural Network: A Survey},
BOOKTITLE = {International Conference on Advances in Computer Engineering and Applications},
YEAR = {2015},
PUBLISHER = {{IMS} Engineering College},
address = {India},
}

@ARTICLE{Luk:RainfallForecasting,
  AUTHOR =       {Kin C. Luk and J. E. Ball and A. Sharma},
  TITLE =        {An application of Artificial Neural Networks for Rainfall Forecasting},
  JOURNAL =      {Mathematical and Computing Modelling},
  YEAR =         {2001},
  volume =       {33},
  pages =        {683-693},
}

@ARTICLE{Abhishek:Journal,
  AUTHOR =       {Kumar Abhishek and M.P.Singh and Saswata Ghosh and Abhishek Anand},
  TITLE =        {Weather forecasting model using Artificial Neural Network},
  JOURNAL =      {Procedia Technology},
  YEAR =         {2012},
  volume =       {4},
  pages =        {311-318},
}

@ARTICLE{Silva:PrecipitacaoManaus,
  AUTHOR =       {Daniel Araujo da Silva},
  TITLE =        {Função da Precipitação no Conforto do Clima Urbano da Cidade de Manaus},
  JOURNAL =      {Revista Geonorte},
  YEAR =         {2012},
  volume =       {1},
  number =       {5},
  pages =        {22-40}
}

@BOOK{Sioli:AmazoniaEcologia,
  AUTHOR =       {H. Sioli},
  editor =       {Vozes},
  TITLE =        {Amazônia: Fundamentos da ecologia da maior região de florestas tropicais},
  PUBLISHER =    {Vozes},
  YEAR =         {1991}
}


@BOOK{Moreira:Geografia,
  AUTHOR =       {João Carlos Moreira and Eustáquio de Sene},
  editor =       {Editora Scipione},
  TITLE =        {Geografia Geral e do Brasil},
  YEAR =         {2010}
}

@ARTICLE{Alvares:ClassificacaoManaus,
  AUTHOR =       {C. A. Alavares and J. L. Stape and P. C. Sentelhas and J. L. M. GonÇalves and G. Sparovek},
  TITLE =        {Koppen's climate classification map for Brazil},
  JOURNAL =      {Meteorologische Zeitschrift},
  YEAR =         {2014},
  volume =       {22},
  number =       {6},
  pages =        {711-728}
}

@Article{Kuwahara:Navegabilidade,
author = {Nelson Kuwahara and Joa?o Caldas do Lago Neto and Themis da Costa Abensur},
title = {Modelagem de previsa?o de navegabilidade em rios da Amazônia: ferramenta web de suporte aos usua?rios do transporte aquavia?rio},
journal = {Journal of Transport Literature},
year = {2012},
volume = {6},
number = {3},
pages = {60-89},
}

@Misc{ANTAQ:RiosGeral,
author = {AGÊNCIA NACIONAL DE TRANSPORTES AQUAVIÁRIOS {ANTAQ}},
title = {Bacia Amazônica -- Plano de Integração Hidroviária},
owpublished = {Relatório Técnico},
year = {2013},
}

@Book{Goncalves:Amazonia,
author = {Carlos Walter Porto GonÇalves},
editor = {Editora Contexto},
title = {{A}mazônia, {A}mazônias},
publisher = {Editora Pearson},
address = {Manaus},
year = {2001}
}

@Misc{Porto:Institucional,
author = {Porto de {M}anaus},
title = {Porto de {M}anaus -- Institucional},
howpublished = {\url{http://www.portodemanaus.com.br}},
year = {2016},
note = {Acessado em \today.},
}

@Article{Wanderson:Pianco,
author = {Wanderson dos S. Sousa and Francisco de A. S. de Sousa},
title = {Rede neural artificial aplicada à previsão de vazão da Bacia Hidrográfica do Rio {P}iancó},
journal = {Revista Brasileira de Engenharia Agrícola e Ambiental},
year = {2010},
volume = {14},
number = {2},
pages = {173-180},
}

@Article{Lorrai:RainfallRunoff,
author = {M. Lorrai and G. M. Sechi},
title = {Neural nets for modelling rainfall-runoff transformations},
journal = {Water Resources Management},
year = {1995},
volume = {9},
number = {4},
pages = {299-313},
}
